@article{wood2014ethereum,
  title={Ethereum: A secure decentralised generalised transaction ledger},
  author={Wood, Gavin},
  journal={Ethereum Project Yellow Paper},
  volume={151},
  pages={1--32},
  year={2014}
}

@article{buterin2014next,
  title={A next-generation smart contract and decentralized application platform},
  author={Buterin, Vitalik and others},
  journal={Ethereum Project Yellow Paper},
  year={2014}
}

@inproceedings{Bonomi2012,
 author = {Bonomi, Flavio and Milito, Rodolfo and Zhu, Jiang and Addepalli, Sateesh},
 title = {Fog Computing and Its Role in the Internet of Things},
 booktitle = {Proceedings of the First Edition of the MCC Workshop on Mobile Cloud Computing},
 series = {MCC '12},
 year = {2012},
 isbn = {978-1-4503-1519-7},
 location = {Helsinki, Finland},
 pages = {13--16},
 numpages = {4},
 url = {http://doi.acm.org/10.1145/2342509.2342513},
 doi = {10.1145/2342509.2342513},
 acmid = {2342513},
 publisher = {ACM},
 address = {New York, NY, USA},
 keywords = {analytics, cloud computing, fog computing, iot, real time systems, software defined networks, wsan},
} 

@book{dannen2017introducing,
  title={Introducing Ethereum and Solidity},
  author={Dannen, Chris},
  year={2017},
  publisher={Springer}
}

@article{minerva2015towards,
  title={Towards a definition of the Internet of Things (IoT)},
  author={Minerva, Roberto and Biru, Abyi and Rotondi, Domenico},
  journal={IEEE Internet Initiative},
  volume={1},
  year={2015}
}

@mastersthesis{rosa2017exehda,
  title={EXEHDA-SO: uma abordagem ontol{\'o}gica para ci{\^e}ncia de situa{\c{c}}{\~a}o aplicada ao dom{\'\i}nio de seguran{\c{c}}a da informa{\c{c}}{\~a}o},
  author={Rosa, Di{\'o}rgenes Yuri Leal da},
  year={2017},
  school={Universidade Federal de Pelotas}
}

@book{coulouris2005distributed,
  title={Distributed systems: concepts and design},
  author={Coulouris, George F and Dollimore, Jean and Kindberg, Tim},
  year={2005},
  publisher={pearson education}
}

@book{raval2016decentralized,
  title={Decentralized Applications: Harnessing Bitcoin's Blockchain Technology},
  author={Raval, Siraj},
  year={2016},
  publisher={" O'Reilly Media, Inc."}
}

@inproceedings{Juels2016,
 author = {Juels, Ari and Kosba, Ahmed and Shi, Elaine},
 title = {The Ring of Gyges: Investigating the Future of Criminal Smart Contracts},
 booktitle = {Proceedings of the 2016 ACM SIGSAC Conference on Computer and Communications Security},
 series = {CCS '16},
 year = {2016},
 isbn = {978-1-4503-4139-4},
 location = {Vienna, Austria},
 pages = {283--295},
 numpages = {13},
 url = {http://doi.acm.org/10.1145/2976749.2978362},
 doi = {10.1145/2976749.2978362},
 acmid = {2978362},
 publisher = {ACM},
 address = {New York, NY, USA},
 keywords = {criminal smart contracts, ethereum},
} 